<record><leader>00000cas a2200000 a 4500</leader><controlfield tag="001">35335784</controlfield><controlfield tag="008">960903d19891990iluwr ne      0   a0eng c</controlfield><datafield ind1=" " ind2=" " tag="010"><subfield code="a">sn 96070070 </subfield></datafield><datafield ind1=" " ind2=" " tag="040"><subfield code="a">CVF</subfield><subfield code="b">eng</subfield><subfield code="c">CVF</subfield><subfield code="d">OCL</subfield><subfield code="d">CVF</subfield><subfield code="d">NVF</subfield><subfield code="d">OCLCQ</subfield><subfield code="d">NVF</subfield><subfield code="d">OCLCF</subfield><subfield code="d">OCLCO</subfield></datafield><datafield ind1="1" ind2=" " tag="029"><subfield code="a">AU@</subfield><subfield code="b">000013091366</subfield></datafield><datafield ind1=" " ind2=" " tag="042"><subfield code="a">pcc</subfield></datafield><datafield ind1=" " ind2=" " tag="043"><subfield code="a">n-us-il</subfield></datafield><datafield ind1="0" ind2="0" tag="245"><subfield code="a">Bloomingdale voice.</subfield></datafield><datafield ind1=" " ind2=" " tag="260"><subfield code="a">[Schaumburg, Ill.] :</subfield><subfield code="b">Pulitzer-Lerner Newspapers,</subfield><subfield code="c">1989-1990.</subfield></datafield><datafield ind1=" " ind2=" " tag="300"><subfield code="a">v.</subfield></datafield><datafield ind1=" " ind2=" " tag="310"><subfield code="a">Weekly</subfield></datafield><datafield ind1="0" ind2=" " tag="362"><subfield code="a">Vol. 11, no. 19 (Mar. 22, 1989)-v. 13, no. 41 (Aug. 23, 1989) ; 13th year, no. 42 (Aug. 30, 1989)-15th year, no. 3 (Nov. 28, 1990).</subfield></datafield><datafield ind1=" " ind2=" " tag="515"><subfield code="a">Continues the numbering of Voice of Bloomingdale.</subfield></datafield><datafield ind1=" " ind2="0" tag="651"><subfield code="a">Bloomingdale (Ill.)</subfield><subfield code="v">Newspapers.</subfield></datafield><datafield ind1=" " ind2="7" tag="655"><subfield code="a">Newspapers.</subfield><subfield code="2">fast</subfield><subfield code="0">(OCoLC)fst01423814</subfield></datafield><datafield ind1=" " ind2="7" tag="651"><subfield code="a">Illinois</subfield><subfield code="z">Bloomingdale.</subfield><subfield code="2">fast</subfield><subfield code="0">(OCoLC)fst01213887</subfield></datafield><datafield ind1=" " ind2=" " tag="752"><subfield code="a">United States</subfield><subfield code="b">Illinois</subfield><subfield code="c">Cook</subfield><subfield code="d">Schaumburg.</subfield></datafield><datafield ind1="0" ind2="0" tag="780"><subfield code="t">Voice of Bloomingdale</subfield><subfield code="w">(DLC)sn 94054681</subfield><subfield code="w">(OCoLC)30018468</subfield></datafield></record>